%%%%%%%%%%%%%%%%%%%%%%%%%%%%%%
%Added on January 2019-2020
%%%%%%%%%%%%%%%%%%%%%%%%%%%%%
@misc{hogg2010data,
      title="Data analysis recipes: Fitting a model to data", 
      author="David W. Hogg and Jo Bovy and Dustin Lang",
      year="2010",
      eprint="1008.4686",
      archivePrefix="arXiv",
      primaryClass="astro-ph.IM"
}


@article{Feroz:2008xx,
    author = "Feroz, F. and Hobson, M.P. and Bridges, M.",
    title = "MultiNest: an efficient and robust Bayesian inference tool for cosmology and particle physics",
    eprint = "0809.3437",
    archivePrefix = "arXiv",
    primaryClass = "astro-ph",
    doi = "10.1111/j.1365-2966.2009.14548.x",
    journal = "Mon. Not. Roy. Astron. Soc.",
    volume = "398",
    pages = "1601--1614",
    year = "2009"
}

@article{Giudice_2005,
   title="Erratum to: Split supersymmetry [Nucl. Phys. B 699 (2004) 65]",
   volume="706",
   ISSN="0550-3213",
   url="http://dx.doi.org/10.1016/j.nuclphysb.2004.11.048",
   DOI="10.1016/j.nuclphysb.2004.11.048",
   number="1-2",
   journal="Nuclear Physics B",
   publisher="Elsevier BV",
   author="Giudice, G.F. and Romanino, A.",
   year="2005",
   month="Jan",
   pages="487"
}

@article{Chun:2004mu,
      author         = "Chun, Eung Jin and Park, Seong Chan",
      title          = "{Neutrino mass from R-parity violation in split
                        supersymmetry}",
      journal        = "JHEP",
      volume         = "01",
      year           = "2005",
      pages          = "009",
      doi            = "10.1088/1126-6708/2005/01/009",
      eprint         = "hep-ph/0410242",
      archivePrefix  = "arXiv",
      primaryClass   = "hep-ph",
      reportNumber   = "KIAS-P04041",
      SLACcitation   = "%%CITATION = HEP-PH/0410242;%%"
}



@article{Carquin:2015uma,
      author         = "Carquin, Edson and Diaz, Marco A. and Gomez-Vargas,
                        German A. and Panes, Boris and Viaux, Nicolas",
      title          = "{Confronting recent AMS-02 positron fraction and
                        Fermi-LAT extragalactic $\gamma$-ray background
                        measurements with gravitino dark matter}",
      journal        = "Phys. Dark Univ.",
      volume         = "11",
      year           = "2016",
      pages          = "1-10",
      doi            = "10.1016/j.dark.2015.10.002",
      eprint         = "1501.05932",
      archivePrefix  = "arXiv",
      primaryClass   = "hep-ph",
      SLACcitation   = "%%CITATION = ARXIV:1501.05932;%%"
}

@article{Ambrosi:2017wek,
      author         = "Ambrosi, G. and others",
      title          = "{Direct detection of a break in the teraelectronvolt
                        cosmic-ray spectrum of electrons and positrons}",
      collaboration  = "DAMPE",
      journal        = "Nature",
      volume         = "552",
      year           = "2017",
      pages          = "63-66",
      doi            = "10.1038/nature24475",
      eprint         = "1711.10981",
      archivePrefix  = "arXiv",
      primaryClass   = "astro-ph.HE",
      SLACcitation   = "%%CITATION = ARXIV:1711.10981;%%"
}

@article{Adriani:2018ktz,
      author         = "Adriani, O. and others",
      title          = "{Extended Measurement of the Cosmic-Ray Electron and
                        Positron Spectrum from 11 GeV to 4.8 TeV with the
                        Calorimetric Electron Telescope on the International Space
                        Station}",
      journal        = "Phys. Rev. Lett.",
      volume         = "120",
      year           = "2018",
      number         = "26",
      pages          = "261102",
      doi            = "10.1103/PhysRevLett.120.261102",
      eprint         = "1806.09728",
      archivePrefix  = "arXiv",
      primaryClass   = "astro-ph.HE",
      SLACcitation   = "%%CITATION = ARXIV:1806.09728;%%"
}


@article{Aguilar:2014fea,
      author         = "Aguilar, M. and others",
      title          = "{Precision Measurement of the ($e^+ + e^−$) Flux in
                        Primary Cosmic Rays from 0.5 GeV to 1 TeV with the Alpha
                        Magnetic Spectrometer on the International Space Station}",
      collaboration  = "AMS",
      journal        = "Phys. Rev. Lett.",
      volume         = "113",
      year           = "2014",
      pages          = "221102",
      doi            = "10.1103/PhysRevLett.113.221102",
      SLACcitation   = "%%CITATION = PRLTA,113,221102;%%"
}

@article{Aguilar:2014mma,
      author         = "Aguilar, M. and others",
      title          = "{Electron and Positron Fluxes in Primary Cosmic Rays
                        Measured with the Alpha Magnetic Spectrometer on the
                        International Space Station}",
      collaboration  = "AMS",
      journal        = "Phys. Rev. Lett.",
      volume         = "113",
      year           = "2014",
      pages          = "121102",
      doi            = "10.1103/PhysRevLett.113.121102"
}


@article{Accardo:2014lma,
      author         = "Accardo, L. and others",
      title          = "{High Statistics Measurement of the Positron Fraction in
                        Primary Cosmic Rays of 0.5500 GeV with the Alpha
                        Magnetic Spectrometer on the International Space Station}",
      collaboration  = "AMS",
      journal        = "Phys. Rev. Lett.",
      volume         = "113",
      year           = "2014",
      pages          = "121101",
      doi            = "10.1103/PhysRevLett.113.121101",
      SLACcitation   = "%%CITATION = PRLTA,113,121101;%%"
}


@article{Buchner:2014nha,
      author         = "Buchner, J. and Georgakakis, A. and Nandra, K. and Hsu,
                        L. and Rangel, C. and Brightman, M. and Merloni, A. and
                        Salvato, M. and Donley, J. and Kocevski, D.",
      title          = "{X-ray spectral modelling of the AGN obscuring region in
                        the CDFS: Bayesian model selection and catalogue}",
      journal        = "Astron. Astrophys.",
      volume         = "564",
      year           = "2014",
      pages          = "A125",
      doi            = "10.1051/0004-6361/201322971",
      eprint         = "1402.0004",
      archivePrefix  = "arXiv",
      primaryClass   = "astro-ph.HE",
      SLACcitation   = "%%CITATION = ARXIV:1402.0004;%%"
}

@article{Hooper:2018kfv,
      author         = "Hooper, Dan",
      title          = "{TASI Lectures on Indirect Searches For Dark Matter}",
      year           = "2018",
      eprint         = "1812.02029",
      archivePrefix  = "arXiv",
      primaryClass   = "hep-ph",
      reportNumber   = "FERMILAB-CONF-18-666-A",
      SLACcitation   = "%%CITATION = ARXIV:1812.02029;%%"
}


@article{Liu:2016ngs,
      author         = "Liu, Wei and Bi, Xiao-Jun and Lin, Su-Jie and Yin,
                        Peng-Fei",
      title          = "{Constraints on dark matter annihilation and decay from
                        the isotropic gamma-ray background}",
      journal        = "Chin. Phys.",
      volume         = "C41",
      year           = "2017",
      number         = "4",
      pages          = "045104",
      doi            = "10.1088/1674-1137/41/4/045104",
      eprint         = "1602.01012",
      archivePrefix  = "arXiv",
      primaryClass   = "astro-ph.CO",
      SLACcitation   = "%%CITATION = ARXIV:1602.01012;%%"
}

@article{Laletin:2016egv,
      author         = "Laletin, Maxim",
      title          = "{A no-go theorem for the dark matter interpretation of
                        the positron anomaly}",
      booktitle      = "{Proceedings, 5th Young Researchers Workshop  “Physics
                        Challenges in the LHC Era”: Frascati, Rome, Italy, May
                        9-13, 2016}",
      journal        = "Frascati Phys. Ser.",
      volume         = "63",
      year           = "2016",
      pages          = "7-12",
      eprint         = "1607.02047",
      archivePrefix  = "arXiv",
      primaryClass   = "astro-ph.HE",
      SLACcitation   = "%%CITATION = ARXIV:1607.02047;%%"
}


%%%%%%%%%%%%%%%%%%%%%%%%%%%%%%
% vs Fermi-LAT
%%%%%%%%%%%%%%%%%%%%%%%%%%%%%%

@article{Li:2017nac,
      author         = "Li, Tong",
      title          = "{Revisiting simplified dark matter models in terms of
                        AMS-02 and Fermi-LAT}",
      journal        = "JHEP",
      volume         = "01",
      year           = "2018",
      pages          = "151",
      doi            = "10.1007/JHEP01(2018)151",
      eprint         = "1708.04534",
      archivePrefix  = "arXiv",
      primaryClass   = "hep-ph",
      SLACcitation   = "%%CITATION = ARXIV:1708.04534;%%"
}

@article{Belotsky:2016tja,
      author         = "Belotsky, Konstantin and Budaev, Ruslan and Kirillov,
                        Alexander and Laletin, Maxim",
      title          = "{Fermi-LAT kills dark matter interpretations of AMS-02
                        data. Or not?}",
      journal        = "JCAP",
      volume         = "1701",
      year           = "2017",
      number         = "01",
      pages          = "021",
      doi            = "10.1088/1475-7516/2017/01/021",
      eprint         = "1606.01271",
      archivePrefix  = "arXiv",
      primaryClass   = "astro-ph.HE",
      SLACcitation   = "%%CITATION = ARXIV:1606.01271;%%"
}


%%%%%%%%%%%%%%%%%%%%%%%%%%%%%%%%%%%%%%%
%%% Gravitino relic density       %%%%
%%%%%%%%%%%%%%%%%%%%%%%%%%%%%%%%%%%%%%%

@Inproceedings{Fayet:1981sq,
     author    = "Fayet, Pierre",
     title     = "Experimental Consequences of Supersymmetry",
     editor    = "J. {Tran Thanh Van}",
     booktitle = "Proceedings of the 16th Rencontre de Moriond",
     volume    = "1",
     publisher = "Editions Frontieres",
     pages     = "347-367",
     year      = "1981",
     SLACcitation  = "%%CITATION = C81-03-15-25;%%"
}

@article{Giudice:1999am,
      author         = "Giudice, G.F. and Riotto, A. and Tkachev, I.",
      title          = "{Thermal and nonthermal production of gravitinos in the
                        early universe}",
      journal        = "JHEP",
      volume         = "9911",
      pages          = "036",
      year           = "1999",
      eprint         = "hep-ph/9911302",
      archivePrefix  = "arXiv",
      primaryClass   = "hep-ph",
      reportNumber   = "CERN-TH-99-336",
      SLACcitation   = "%%CITATION = HEP-PH/9911302;%%",
}

@article{Bolz:2000fu,
      author         = "Bolz, M. and Brandenburg, A. and Buchmuller, W.",
      title          = "{Thermal production of gravitinos}",
      journal        = "Nucl. Phys.",
      volume         = "B606",
      pages          = "518-544",
      doi            = "10.1016/S0550-3213(01)00132-8,
                        10.1016/j.nuclphysb.2007.09.020",
      year           = "2001",
      eprint         = "hep-ph/0012052",
      archivePrefix  = "arXiv",
      primaryClass   = "hep-ph",
}

@article{Pradler:2006qh,
      author         = "Pradler, Josef and Steffen, Frank Daniel",
      title          = "{Thermal gravitino production and collider tests of
                        leptogenesis}",
      journal        = "Phys.Rev.",
      volume         = "D75",
      pages          = "023509",
      doi            = "10.1103/PhysRevD.75.023509",
      year           = "2007",
      eprint         = "hep-ph/0608344",
      archivePrefix  = "arXiv",
      primaryClass   = "hep-ph",
      reportNumber   = "MPP-2006-101",
      SLACcitation   = "%%CITATION = HEP-PH/0608344;%%",
}

@article{Rychkov:2007uq,
      author         = "Rychkov, Vyacheslav S. and Strumia, Alessandro",
      title          = "{Thermal production of gravitinos}",
      journal        = "Phys.Rev.",
      volume         = "D75",
      pages          = "075011",
      doi            = "10.1103/PhysRevD.75.075011",
      year           = "2007",
      eprint         = "hep-ph/0701104",
      archivePrefix  = "arXiv",
      primaryClass   = "hep-ph",
      reportNumber   = "IFUP-TH-07-1",
      SLACcitation   = "%%CITATION = HEP-PH/0701104;%%",
}

%%%%%%%%%%%%%%%%%%%%%%%%%%%%%%%%%%%%
%%% Gravitino with RpV scenarios %%%
%%%%%%%%%%%%%%%%%%%%%%%%%%%%%%%%%%%%

@article{Ibe:2013nka,
      author         = "Ibe, Masahiro and Iwamoto, Sho and Matsumoto, Shigeki and
                        Moroi, Takeo and Yokozaki, Norimi",
      title          = "{Recent Result of the AMS-02 Experiment and Decaying
                        Gravitino Dark Matter in Gauge Mediation}",
      journal        = "JHEP",
      volume         = "1308",
      pages          = "029",
      doi            = "10.1007/JHEP08(2013)029",
      year           = "2013",
      eprint         = "1304.1483",
      archivePrefix  = "arXiv",
      primaryClass   = "hep-ph",
      SLACcitation   = "%%CITATION = ARXIV:1304.1483;%%",
}


@article{Moreau:2001sr,
      author         = "Moreau, G. and Chemtob, M.",
      title          = "{R-parity violation and the cosmological gravitino
                        problem}",
      journal        = "Phys.Rev.",
      volume         = "D65",
      pages          = "024033",
      doi            = "10.1103/PhysRevD.65.024033",
      year           = "2002",
      eprint         = "hep-ph/0107286",
      archivePrefix  = "arXiv",
      primaryClass   = "hep-ph",
      reportNumber   = "CPT-2001-P-4230",
      SLACcitation   = "%%CITATION = HEP-PH/0107286;%%",
}


@ARTICLE{Liew:2013mta,
      author         = "Liew, Seng Pei",
      title          = "{Gamma-ray line from radiative decay of gravitino dark
                        matter}",
      journal        = "Phys.Lett.",
      volume         = "B724",
      pages          = "88-91",
      doi            = "10.1016/j.physletb.2013.06.006",
      year           = "2013",
      eprint         = "1304.1992",
      archivePrefix  = "arXiv",
      primaryClass   = "hep-ph",
      reportNumber   = "UT-13-13",
      SLACcitation   = "%%CITATION = ARXIV:1304.1992;%%",
}


@ARTICLE{Grefe:2008zz,
      author         = "Grefe, Michael",
      title          = "{Neutrino signals from gravitino dark matter with broken
                        R-parity}",
      doi            = "10.3204/DESY-THESIS-2008-043",
      year           = "2008",
      eprint         = "1111.6041",
      archivePrefix  = "arXiv",
      primaryClass   = "hep-ph",
      reportNumber   = "DESY-THESIS-2008-043",
      SLACcitation   = "%%CITATION = ARXIV:1111.6041;%%",
}

@article{Choi:2010jt,
      author         = "Choi, Ki-Young and Restrepo, Diego and Yaguna, Carlos E.
                        and Zapata, Oscar",
      title          = "{Indirect detection of gravitino dark matter including
                        its three-body decays}",
      journal        = "JCAP",
      volume         = "1010",
      pages          = "033",
      doi            = "10.1088/1475-7516/2010/10/033",
      year           = "2010",
      eprint         = "1007.1728v2",
      archivePrefix  = "arXiv",
      primaryClass   = "hep-ph",
      reportNumber   = "PNUTP-10-A08",
      SLACcitation   = "%%CITATION = ARXIV:1007.1728;%%",
}

@article{Buchmuller:2007ui,
      author         = "Buchmuller, Wilfried and Covi, Laura and Hamaguchi,
                        Koichi and Ibarra, Alejandro and Yanagida, Tsutomu",
      title          = "{Gravitino Dark Matter in R-Parity Breaking Vacua}",
      journal        = "JHEP",
      volume         = "0703",
      pages          = "037",
      doi            = "10.1088/1126-6708/2007/03/037",
      year           = "2007",
      eprint         = "hep-ph/0702184",
      archivePrefix  = "arXiv",
      primaryClass   = "HEP-PH",
      reportNumber   = "DESY-06-244, UT-07-03",
      SLACcitation   = "%%CITATION = HEP-PH/0702184;%%",
}


@ARTICLE{Lola:2007rw,
      author         = "Lola, S. and Osland, P. and Raklev, A.R.",
      title          = "{Radiative gravitino decays from R-parity violation}",
      journal        = "Phys.Lett.",
      volume         = "B656",
      pages          = "83-90",
      doi            = "10.1016/j.physletb.2007.09.048",
      year           = "2007",
      eprint         = "0707.2510",
      archivePrefix  = "arXiv",
      primaryClass   = "hep-ph",
      reportNumber   = "CERN-PH-TH-2007-122",
      SLACcitation   = "%%CITATION = ARXIV:0707.2510;%%",
}

@ARTICLE{Restrepo:2011rj,
      author         = "Restrepo, Diego and Taoso, Marco and Valle, J.W.F. and
                        Zapata, Oscar",
      title          = "{Gravitino dark matter and neutrino masses with bilinear
                        R-parity violation}",
      journal        = "Phys.Rev.",
      volume         = "D85",
      pages          = "023523",
      doi            = "10.1103/PhysRevD.85.023523",
      year           = "2012",
      eprint         = "1109.0512",
      archivePrefix  = "arXiv",
      primaryClass   = "hep-ph",
      reportNumber   = "IFIC-11-41",
      SLACcitation   = "%%CITATION = ARXIV:1109.0512;%%",
}

@ARTICLE{Cottin:2014cca,
      author         = "Cottin, Giovanna and Diaz, Marco A. and Guzman, Maria
                        Jose and Panes, Boris",
      title          = "{Gravitino Dark Matter in Split Supersymmetry with
                        Bilinear R-Parity Violation}",
      year           = "2014",
      eprint         = "1406.2368",
      archivePrefix  = "arXiv",
      primaryClass   = "hep-ph",
      SLACcitation   = "%%CITATION = ARXIV:1406.2368;%%",
}

@article{Diaz:2011pc,
      author         = "Diaz, Marco Aurelio and Saenz, Sebastian Garcia and Koch,
                        Benjamin",
      title          = "{Gravitino Dark Matter and Neutrino Masses in Partial
                        Split Supersymmetry}",
      journal        = "Phys.Rev.",
      volume         = "D84",
      pages          = "055007",
      doi            = "10.1103/PhysRevD.84.055007",
      year           = "2011",
      eprint         = "1106.0308",
      archivePrefix  = "arXiv",
      primaryClass   = "hep-ph",
      SLACcitation   = "%%CITATION = ARXIV:1106.0308;%%",
}

%%%%%%%%%%%%%%%%%%%%%%%%%%%%%%%%%%%%%%%


@ARTICLE{Bertone09,
   author = {{Bertone}, G. and {Hooper}, D. and {Silk}, J.},
    title = "{Particle dark matter: evidence, candidates and constraints}",
  journal = {\physrep},
   eprint = {hep-ph/0404175},
     year = 2005,
    month = jan,
   volume = 405,
    pages = {279-390},
      doi = {10.1016/j.physrep.2004.08.031},
   adsurl = {http://adsabs.harvard.edu/abs/2005PhR...405..279B},
  adsnote = {Provided by the SAO/NASA Astrophysics Data System}
}



@Article{PYTHIA8,
author = "{Sj\"ostrand, T. and Mrenna, S. and Skands, P.}",
title =  "{A Brief Introduction to PYTHIA 8.1}", 
journal = "Comput. Phys. Commun.",
volume =  "178",
pages = "852",
year = "2008"
}

@ARTICLE{cirelli,
   author = {{Cirelli}, M. and {Corcella}, G. and {Hektor}, A. and {H{\"u}tsi}, G. and 
	{Kadastik}, M. and {Panci}, P. and {Raidal}, M. and {Sala}, F. and 
	{Strumia}, A.},
    title = "{PPPC 4 DM ID: a poor particle physicist cookbook for dark matter indirect detection}",
  journal = {\jcap},
archivePrefix = "arXiv",
   eprint = {1012.4515},
 primaryClass = "hep-ph",
     year = 2011,
    month = mar,
   volume = 3,
      eid = {051},
    pages = {51},
      doi = {10.1088/1475-7516/2011/03/051},
   adsurl = {http://adsabs.harvard.edu/abs/2011JCAP...03..051C},
  adsnote = {Provided by the SAO/NASA Astrophysics Data System}
}

@ARTICLE{Delh2008,
   author = {{Delahaye}, T. and {Lineros}, R. and {Donato}, F. and {Fornengo}, N. and 
	{Salati}, P.},
    title = "{Positrons from dark matter annihilation in the galactic halo: Theoretical uncertainties}",
  journal = {\prd},
archivePrefix = "arXiv",
   eprint = {0712.2312},
 keywords = {Dark matter, Supersymmetry, Elementary particle processes, Galactic halo},
     year = 2008,
    month = mar,
   volume = 77,
   number = 6,
      eid = {063527},
    pages = {063527},
      doi = {10.1103/PhysRevD.77.063527},
   adsurl = {http://adsabs.harvard.edu/abs/2008PhRvD..77f3527D},
  adsnote = {Provided by the SAO/NASA Astrophysics Data System}
}

@ARTICLE{nfw,
   author = {{Navarro}, J.~F. and {Frenk}, C.~S. and {White}, S.~D.~M.},
    title = "{The Structure of Cold Dark Matter Halos}",
  journal = {\apj},
   eprint = {astro-ph/9508025},
 keywords = {COSMOLOGY: THEORY, COSMOLOGY: DARK MATTER, GALAXIES: HALOS, METHODS: NUMERICAL},
     year = 1996,
    month = may,
   volume = 462,
    pages = {563},
      doi = {10.1086/177173},
   adsurl = {http://adsabs.harvard.edu/abs/1996ApJ...462..563N},
  adsnote = {Provided by the SAO/NASA Astrophysics Data System}
}


@ARTICLE{Gillessen09,
   author = {{Gillessen}, S. and {Eisenhauer}, F. and {Trippe}, S. and {Alexander}, T. and 
	{Genzel}, R. and {Martins}, F. and {Ott}, T.},
    title = "{Monitoring Stellar Orbits Around the Massive Black Hole in the Galactic Center}",
  journal = {\apj},
archivePrefix = "arXiv",
   eprint = {0810.4674},
 keywords = {black hole physics, astrometry, Galaxy: center, infrared: stars},
     year = 2009,
    month = feb,
   volume = 692,
    pages = {1075-1109},
      doi = {10.1088/0004-637X/692/2/1075},
   adsurl = {http://adsabs.harvard.edu/abs/2009ApJ...692.1075G},
  adsnote = {Provided by the SAO/NASA Astrophysics Data System}
}

@ARTICLE{Mosk98,
   author = {{Moskalenko}, I.~V. and {Strong}, A.~W.},
    title = "{Production and Propagation of Cosmic-Ray Positrons and Electrons}",
  journal = {\apj},
   eprint = {astro-ph/9710124},
 keywords = {ACCELERATION OF PARTICLES, ISM: COSMIC RAYS, DIFFUSION, ELEMENTARY PARTICLES, GALAXY: HALO, GAMMA RAYS: THEORY, ISM: ABUNDANCES, Acceleration of Particles, ISM: Cosmic Rays, Diffusion, Elementary Particles, Galaxy: Halo, Gamma Rays: Theory, ISM: Abundances},
     year = 1998,
    month = jan,
   volume = 493,
    pages = {694-707},
      doi = {10.1086/305152},
   adsurl = {http://adsabs.harvard.edu/abs/1998ApJ...493..694M},
  adsnote = {Provided by the SAO/NASA Astrophysics Data System}
}

%%%%%%%%%%%%%%%%%%%%%%%%%%%%%%%%%%%%%%%%%%%%%%%%%%%%%%%%%%%%%%%%%%%%%%%%%%%%%%%%%%%%%%%%%%%%%%%%%%%%%%%%%%%%%%%%%%%%%%%%%%%

@Book{LLyons1986,
      author ="L. Lyons", 
      title ="Statistics for nuclear and particle physicists",
      publisher ="Cambridge University Press",
      year = "1986", 
      isbn = "0-521-37934-2"
}

@article{Battiston20146,
	title = "Precision measurements of in Cosmic Ray with the Alpha Magnetic Spectrometer on the ISS",
	journal = "Physics of the Dark Universe ",
	volume = "4",
	year = "2014",
	note = "",
	issn = "2212-6864",
	doi = "http://dx.doi.org/10.1016/j.dark.2014.05.002",
	url = "http://www.sciencedirect.com/science/article/pii/S2212686414000144",
	author = "Roberto Battiston",
	keywords = "Cosmic rays",
	keywords = "Space research",
	keywords = "Dark matter",
	keywords = "Antimatter "
}

@article{Corti:2014ria,
      author         = "Corti, Claudio",
      title          = "{The cosmic ray electron and positron spectra measured by
                        AMS-02}",
      collaboration  = "AMS",
      year           = "2014",
      eprint         = "1402.0437",
      archivePrefix  = "arXiv",
      primaryClass   = "physics.ins-det",
      SLACcitation   = "%%CITATION = ARXIV:1402.0437;%%",
}

%%%%%%%%%%%%%%%%%%%%%%%%%%%%%%%%%%%%%%%%%%%%%%%%%%%%%%%%%%%%%%%%%%%%%%%%%%%%%%%%%%%%%%%%%%%%%%%%%%%

@article{Ackermann:2014usa,
      author         = "Ackermann, M. and others",
      title          = "{The spectrum of isotropic diffuse gamma-ray emission
                        between 100 MeV and 820 GeV}",
      collaboration  = "Fermi-LAT",
      journal        = "Astrophys. J.",
      volume         = "799",
      year           = "2015",
      pages          = "86",
      doi            = "10.1088/0004-637X/799/1/86",
      eprint         = "1410.3696",
      archivePrefix  = "arXiv",
      primaryClass   = "astro-ph.HE",
      SLACcitation   = "%%CITATION = ARXIV:1410.3696;%%"
}


@article{Adriani:2008zr,
      author         = "Adriani, Oscar and others",
      title          = "{An anomalous positron abundance in cosmic rays with
                        energies 1.5-100 GeV}",
      collaboration  = "PAMELA",
      journal        = "Nature",
      volume         = "458",
      pages          = "607-609",
      doi            = "10.1038/nature07942",
      year           = "2009",
      eprint         = "0810.4995",
      archivePrefix  = "arXiv",
      primaryClass   = "astro-ph",
      SLACcitation   = "%%CITATION = ARXIV:0810.4995;%%",
}


@article{FermiPositron,
   author = "Ackermann, M. and others",
    title = "{Measurement of Separate Cosmic-Ray Electron and Positron Spectra with the Fermi Large Area Telescope}",
    collaboration  = "The Fermi LAT",
  journal = "Phys.Rev.Lett.",
  archivePrefix = "arXiv", eprint = "1109.0521",
  primaryClass = "astro-ph.HE",
     year = "2012",
    month = jan,
   volume = 108,
   number = 1,
      eid = {011103},
    pages = {011103},
      doi = {10.1103/PhysRevLett.108.011103},
}

@article{Aguilar:2013qda,
      author         = "Aguilar, M. and others",
      title          = "{First Result from the Alpha Magnetic Spectrometer on the International 
                         Space Station: Precision Measurement of the
                        Positron Fraction in Primary Cosmic Rays of 0.5-350 GeV}",
      collaboration  = "AMS Collaboration",
      journal        = "Phys.Rev.Lett.",
      volume         = "110",
      pages          = "141102",
      doi            = "10.1103/PhysRevLett.110.141102",
      year           = "2013",
}

@article{ArkaniHamed:2008qn,
      author         = "Arkani-Hamed, Nima and Finkbeiner, Douglas P. and
                        Slatyer, Tracy R. and Weiner, Neal",
      title          = "{A Theory of Dark Matter}",
      journal        = "Phys.Rev.",
      volume         = "D79",
      pages          = "015014",
      doi            = "10.1103/PhysRevD.79.015014",
      year           = "2009",
      eprint         = "0810.0713",
      archivePrefix  = "arXiv",
      primaryClass   = "hep-ph",
      SLACcitation   = "%%CITATION = ARXIV:0810.0713;%%",
}

@article{Baek:2014goa,
      author         = "Baek, Seungwon and Ko, P. and Park, Wan-Il and Tang,
                        Yong",
      title          = "{Indirect and direct signatures of Higgs portal decaying
                        vector dark matter for positron excess in cosmic rays}",
      journal        = "JCAP",
      volume         = "1406",
      pages          = "046",
      doi            = "10.1088/1475-7516/2014/06/046",
      year           = "2014",
      eprint         = "1402.2115",
      archivePrefix  = "arXiv",
      primaryClass   = "hep-ph",
      reportNumber   = "KIAS-P14009",
      SLACcitation   = "%%CITATION = ARXIV:1402.2115;%%",
}

@ARTICLE{Igor,
   author = {{Moskalenko}, I.~V.},
    title = "{Cosmic Rays in the Milky Way and Beyond}",
  journal = {Nuclear Physics B Proceedings Supplements},
archivePrefix = "arXiv",
   eprint = {1308.5482},
 primaryClass = "astro-ph.GA",
     year = 2013,
    month = oct,
   volume = 243,
    pages = {85-91},
      doi = {10.1016/j.nuclphysbps.2013.09.014},
   adsurl = {http://adsabs.harvard.edu/abs/2013NuPhS.243...85M},
  adsnote = {Provided by the SAO/NASA Astrophysics Data System}
}

@article{Albert:2014hwa,
      author         = "Albert, A. and Gomez-Vargas, G. and Grefe, M. and Munoz, C. and Weniger, C. and others",
      title          = "{Search for 100 MeV to 10 GeV $\gamma$-ray lines in the
                        Fermi-LAT data and implications for gravitino dark matter
                        in $\mu\nu$SSM}",
      journal        = "JCAP",
      number         = "10",
      volume         = "1410",
      pages          = "023",
      doi            = "10.1088/1475-7516/2014/10/023",
      year           = "2014",
      eprint         = "1406.3430",
      archivePrefix  = "arXiv",
      primaryClass   = "astro-ph.HE",
      SLACcitation   = "%%CITATION = ARXIV:1406.3430;%%",
}


@article{Ibe:2013jya,
      author         = "Ibe, Masahiro and Matsumoto, Shigeki and Shirai, Satoshi
                        and Yanagida, Tsutomu T.",
      title          = "{AMS-02 Positrons from Decaying Wino in the Pure Gravity
                        Mediation Model}",
      journal        = "JHEP",
      volume         = "1307",
      pages          = "063",
      doi            = "10.1007/JHEP07(2013)063",
      year           = "2013",
      eprint         = "1305.0084",
      archivePrefix  = "arXiv",
      primaryClass   = "hep-ph",
      reportNumber   = "IPMU-13-0084, ICRR-REPORT-652-2013-1",
      SLACcitation   = "%%CITATION = ARXIV:1305.0084;%%",
}

@article{Dev:2013hka,
      author         = "Dev, P. S. Bhupal and Ghosh, Dilip Kumar and Okada,
                        Nobuchika and Saha, Ipsita",
      title          = "{Neutrino Mass and Dark Matter in light of recent AMS-02
                        results}",
      journal        = "Phys.Rev.",
      volume         = "D89",
      pages          = "095001",
      doi            = "10.1103/PhysRevD.89.095001",
      year           = "2014",
      eprint         = "1307.6204",
      archivePrefix  = "arXiv",
      primaryClass   = "hep-ph",
      reportNumber   = "MAN-HEP-2013-13",
      SLACcitation   = "%%CITATION = ARXIV:1307.6204;%%",
}

@article{Spanos:2013eza,
      author         = "Spanos, Vassilis C.",
      title          = "{The Price of a Dark Matter Annihilation Interpretation
                        of AMS-02 Data}",
      year           = "2013",
      eprint         = "1312.7841",
      archivePrefix  = "arXiv",
      primaryClass   = "hep-ph",
      SLACcitation   = "%%CITATION = ARXIV:1312.7841;%%",
}
@article{Ibarra:2013zia,
      author         = "Ibarra, Alejandro and Lamperstorfer, Anna S. and Silk,
                        Joseph",
      title          = "{Dark matter annihilations and decays after the AMS-02
                        positron measurements}",
      journal        = "Phys.Rev.",
      volume         = "D89",
      pages          = "063539",
      doi            = "10.1103/PhysRevD.89.063539",
      year           = "2014",
      eprint         = "1309.2570",
      archivePrefix  = "arXiv",
      primaryClass   = "hep-ph",
      SLACcitation   = "%%CITATION = ARXIV:1309.2570;%%",
}


@article{Dienes:2013lxa,
      author         = "Dienes, Keith R. and Kumar, Jason and Thomas, Brooks",
      title          = "{Dynamical Dark Matter and the positron excess in light
                        of AMS results}",
      journal        = "Phys.Rev.",
      number         = "10",
      volume         = "D88",
      pages          = "103509",
      doi            = "10.1103/PhysRevD.88.103509",
      year           = "2013",
      eprint         = "1306.2959",
      archivePrefix  = "arXiv",
      primaryClass   = "hep-ph",
      reportNumber   = "UH511-1212-2013",
      SLACcitation   = "%%CITATION = ARXIV:1306.2959;%%",
}
@article{Hektor:2013yga,
      author         = "Hektor, Andi and Raidal, Martti and Strumia, Alessandro
                        and Tempel, Elmo",
      title          = "{The cosmic-ray positron excess from a local Dark Matter
                        over-density}",
      journal        = "Phys.Lett.",
      volume         = "B728",
      pages          = "58-62",
      doi            = "10.1016/j.physletb.2013.11.017",
      year           = "2014",
      eprint         = "1307.2561",
      archivePrefix  = "arXiv",
      primaryClass   = "hep-ph",
      SLACcitation   = "%%CITATION = ARXIV:1307.2561;%%",
}


@article{Cirelli:2008pk,
      author         = "Cirelli, Marco and Kadastik, Mario and Raidal, Martti and
                        Strumia, Alessandro",
      title          = "{Model-independent implications of the e+-, anti-proton
                        cosmic ray spectra on properties of Dark Matter}",
      journal        = "Nucl.Phys.",
      volume         = "B813",
      pages          = "1-21",
      doi            = "10.1016/j.nuclphysb.2013.05.002,
                        10.1016/j.nuclphysb.2008.11.031",
      year           = "2009",
      eprint         = "0809.2409",
      archivePrefix  = "arXiv",
      primaryClass   = "hep-ph",
      reportNumber   = "IFUP-TH-2008-27, SACLAY-T08-139",
      SLACcitation   = "%%CITATION = ARXIV:0809.2409;%%",
}

@article{Zhao:2014nsa,
      author         = "Zhao, Yue and Zurek, Kathryn M.",
      title          = "{Indirect Detection Signatures for the Origin of
                        Asymmetric Dark Matter}",
      journal        = "JHEP",
      volume         = "1407",
      pages          = "017",
      doi            = "10.1007/JHEP07(2014)017",
      year           = "2014",
      eprint         = "1401.7664",
      archivePrefix  = "arXiv",
      primaryClass   = "hep-ph",
      reportNumber   = "MCTP-14-02",
      SLACcitation   = "%%CITATION = ARXIV:1401.7664;%%",
}

@article{Baek:2014awa,
      author         = "Baek, Seungwon and Okada, Hiroshi and Toma, Takashi",
      title          = "{Radiative lepton model and dark matter with global
                        $U(1)'$ symmetry}",
      journal        = "Phys.Lett.",
      volume         = "B732",
      pages          = "85-90",
      doi            = "10.1016/j.physletb.2014.03.021",
      year           = "2014",
      eprint         = "1401.6921",
      archivePrefix  = "arXiv",
      primaryClass   = "hep-ph",
      reportNumber   = "KIAS-P14003, IPPP-14-07, DCPT-14-14",
      SLACcitation   = "%%CITATION = ARXIV:1401.6921;%%",
}

@article{Kopp:2014tsa,
      author         = "Kopp, Joachim and Michaels, Lisa and Smirnov, Juri",
      title          = "{Loopy Constraints on Leptophilic Dark Matter and
                        Internal Bremsstrahlung}",
      journal        = "JCAP",
      volume         = "1404",
      pages          = "022",
      doi            = "10.1088/1475-7516/2014/04/022",
      year           = "2014",
      eprint         = "1401.6457",
      archivePrefix  = "arXiv",
      primaryClass   = "hep-ph",
      SLACcitation   = "%%CITATION = ARXIV:1401.6457;%%",
}

@article{Hryczuk:2014hpa,
      author         = "Hryczuk, Andrzej and Cholis, Ilias and Iengo, Roberto and
                        Tavakoli, Maryam and Ullio, Piero",
      title          = "{Indirect Detection Analysis: Wino Dark Matter Case
                        Study}",
      journal        = "JCAP",
      volume         = "1407",
      pages          = "031",
      doi            = "10.1088/1475-7516/2014/07/031",
      year           = "2014",
      eprint         = "1401.6212",
      archivePrefix  = "arXiv",
      primaryClass   = "astro-ph.HE",
      reportNumber   = "FERMILAB-PUB-14-010-A, TUM-HEP-927-14",
      SLACcitation   = "%%CITATION = ARXIV:1401.6212;%%",
}

@article{Choi:2013oaa,
      author         = "Choi, Ki-Young and Kyae, Bumseok and Shin, Chang Sub",
      title          = "{Decaying WIMP dark matter for AMS-02 cosmic positron
                        excess}",
      journal        = "Phys.Rev.",
      number         = "5",
      volume         = "D89",
      pages          = "055002",
      doi            = "10.1103/PhysRevD.89.055002",
      year           = "2014",
      eprint         = "1307.6568",
      archivePrefix  = "arXiv",
      primaryClass   = "hep-ph",
      SLACcitation   = "%%CITATION = ARXIV:1307.6568;%%",
}

@article{Ibarra:2013cra,
      author         = "Ibarra, Alejandro and Tran, David and Weniger, Christoph",
      title          = "{Indirect Searches for Decaying Dark Matter}",
      journal        = "Int.J.Mod.Phys.",
      volume         = "A28",
      pages          = "1330040",
      doi            = "10.1142/S0217751X13300408",
      year           = "2013",
      eprint         = "1307.6434",
      archivePrefix  = "arXiv",
      primaryClass   = "hep-ph",
      SLACcitation   = "%%CITATION = ARXIV:1307.6434;%%",
}


@article{Bergstrom:2013jra,
      author         = "Bergstrom, Lars and Bringmann, Torsten and Cholis, Ilias
                        and Hooper, Dan and Weniger, Christoph",
      title          = "{New limits on dark matter annihilation from AMS cosmic
                        ray positron data}",
      journal        = "Phys.Rev.Lett.",
      volume         = "111",
      pages          = "171101",
      doi            = "10.1103/PhysRevLett.111.171101",
      year           = "2013",
      eprint         = "1306.3983",
      archivePrefix  = "arXiv",
      primaryClass   = "astro-ph.HE",
      reportNumber   = "FERMILAB-PUB-13-202-A",
      SLACcitation   = "%%CITATION = ARXIV:1306.3983;%%",
}


@article{Jin:2013nta,
      author         = "Jin, Hong-Bo and Wu, Yue-Liang and Zhou, Yu-Feng",
      title          = "{Implications of the first AMS-02 measurement for dark
                        matter annihilation and decay}",
      journal        = "JCAP",
      volume         = "1311",
      pages          = "026",
      doi            = "10.1088/1475-7516/2013/11/026",
      year           = "2013",
      eprint         = "1304.1997",
      archivePrefix  = "arXiv",
      primaryClass   = "hep-ph",
      SLACcitation   = "%%CITATION = ARXIV:1304.1997;%%",
}

@article{DeSimone:2013fia,
      author         = "De Simone, Andrea and Riotto, Antonio and Xue, Wei",
      title          = "{Interpretation of AMS-02 Results: Correlations among
                        Dark Matter Signals}",
      journal        = "JCAP",
      volume         = "1305",
      pages          = "003",
      doi            = "10.1088/1475-7516/2013/05/003",
      year           = "2013",
      eprint         = "1304.1336",
      archivePrefix  = "arXiv",
      primaryClass   = "hep-ph",
      reportNumber   = "CERN-PH-TH-2013-054, SISSA-08-2013-FISI",
      SLACcitation   = "%%CITATION = ARXIV:1304.1336;%%",
}

@article{Feng:2013zca,
      author         = "Feng, Lei and Yang, Rui-Zhi and He, Hao-Ning and Dong,
                        Tie-Kuang and Fan, Yi-Zhong and others",
      title          = "{AMS-02 positron excess: new bounds on dark matter models
                        and hint for primary electron spectrum hardening}",
      journal        = "Phys.Lett.",
      volume         = "B728",
      pages          = "250-255",
      doi            = "10.1016/j.physletb.2013.12.012",
      year           = "2014",
      eprint         = "1303.0530",
      archivePrefix  = "arXiv",
      primaryClass   = "astro-ph.HE",
      SLACcitation   = "%%CITATION = ARXIV:1303.0530;%%",
}

@article{Masina:2013yea,
      author         = "Masina, Isabella and Sannino, Francesco",
      title          = "{Hints of a Charge Asymmetry in the Electron and Positron
                        Cosmic-Ray Excesses}",
      journal        = "Phys.Rev.",
      number         = "12",
      volume         = "D87",
      pages          = "123003",
      doi            = "10.1103/PhysRevD.87.123003",
      year           = "2013",
      eprint         = "1304.2800",
      archivePrefix  = "arXiv",
      primaryClass   = "hep-ph",
      reportNumber   = "CP3-ORIGINS-2013-008-DNRF90, DIAS-2013-8",
      SLACcitation   = "%%CITATION = ARXIV:1304.2800;%%",
}



@article{DiMauro:2014iia,
      author         = "Di Mauro, M. and Donato, F. and Fornengo, N. and Lineros,
                        R. and Vittino, A.",
      title          = "{Interpretation of AMS-02 electrons and positrons data}",
      journal        = "JCAP",
      volume         = "1404",
      pages          = "006",
      doi            = "10.1088/1475-7516/2014/04/006",
      year           = "2014",
      eprint         = "1402.0321",
      archivePrefix  = "arXiv",
      primaryClass   = "astro-ph.HE",
      reportNumber   = "LAPTH-008-14, SACLAY-T14-010",
      SLACcitation   = "%%CITATION = ARXIV:1402.0321;%%",
}


@article{Hooper:2008kg,
      author         = "Hooper, Dan and Blasi, Pasquale and Serpico, Pasquale
                        Dario",
      title          = "{Pulsars as the Sources of High Energy Cosmic Ray
                        Positrons}",
      journal        = "JCAP",
      volume         = "0901",
      pages          = "025",
      doi            = "10.1088/1475-7516/2009/01/025",
      year           = "2009",
      eprint         = "0810.1527",
      archivePrefix  = "arXiv",
      primaryClass   = "astro-ph",
      reportNumber   = "FERMILAB-PUB-08-429-A",
      SLACcitation   = "%%CITATION = ARXIV:0810.1527;%%",
}

@ARTICLE{2012JMPh....3.1152R,
   author = {{Roos}, M.},
    title = "{Astrophysical and Cosmological Probes of Dark Matter}",
  journal = {Journal of Modern Physics},
archivePrefix = "arXiv",
   eprint = {1208.3662},
 primaryClass = "physics.gen-ph",
     year = 2012,
   volume = 3,
    pages = {1152-1171},
      doi = {10.4236/jmp.2012.329150},
   adsurl = {http://adsabs.harvard.edu/abs/2012JMPh....3.1152R},
  adsnote = {Provided by the SAO/NASA Astrophysics Data System}
}

@article{Delahaye:2007fr,
      author         = "Delahaye, T. and Lineros, R. and Donato, F. and Fornengo,
                        N. and Salati, P.",
      title          = "{Positrons from dark matter annihilation in the galactic
                        halo: Theoretical uncertainties}",
      journal        = "Phys.Rev.",
      volume         = "D77",
      pages          = "063527",
      doi            = "10.1103/PhysRevD.77.063527",
      year           = "2008",
      eprint         = "0712.2312",
      archivePrefix  = "arXiv",
      primaryClass   = "astro-ph",
      reportNumber   = "DFTT-7-2007, LAPTH-1187-07",
      SLACcitation   = "%%CITATION = ARXIV:0712.2312;%%",
}

@article{2012ApJ...750....3A,
      author         = "Ackermann, M. and others",
      title          = "{The spectrum of isotropic diffuse gamma-ray emission
                        between 100 MeV and 820 GeV}",
      collaboration  = "The Fermi LAT",
      year           = "2014",
      eprint         = "1410.3696",
      archivePrefix  = "arXiv",
      primaryClass   = "astro-ph.HE",
      SLACcitation   = "%%CITATION = ARXIV:1410.3696;%%",
      
}

@ARTICLE{diffuse2,
   author = "Ackermann, M. and others",
    title = "{Fermi-LAT Observations of the Diffuse {$\gamma$}-Ray Emission: Implications for Cosmic Rays and the Interstellar Medium}",
    collaboration  = "The Fermi LAT",
  journal = {\apj},
archivePrefix = "arXiv",
   eprint = {1202.4039},
 primaryClass = "astro-ph.HE",
 keywords = {cosmic rays, dust, extinction, gamma rays: general, gamma rays: ISM, ISM: general, radiation mechanisms: non-thermal},
     year = 2012,
    month = may,
   volume = 750,
      eid = {3},
    pages = {3},
      doi = {10.1088/0004-637X/750/1/3},
   adsurl = {http://adsabs.harvard.edu/abs/2012ApJ...750....3A},
  adsnote = {Provided by the SAO/NASA Astrophysics Data System}
}


@ARTICLE{2010PhRvL.104j1101A,
      author         = "Ackermann, M. and others",
    title = "{Spectrum of the Isotropic Diffuse Gamma-Ray Emission Derived from First-Year Fermi Large Area Telescope Data}",
    collaboration  = "The Fermi LAT",
  journal = {Physical Review Letters},
archivePrefix = "arXiv",
   eprint = {1002.3603},
 primaryClass = "astro-ph.HE",
 keywords = {gamma-ray, Composition energy spectra and interactions, Cosmic rays},
     year = 2010,
    month = mar,
   volume = 104,
   number = 10,
      eid = {101101},
    pages = {101101},
      doi = {10.1103/PhysRevLett.104.101101},
   adsurl = {http://adsabs.harvard.edu/abs/2010PhRvL.104j1101A},
  adsnote = {Provided by the SAO/NASA Astrophysics Data System}
}

@article{Colafrancesco:1998us,
      author         = "Colafrancesco, Sergio and Blasi, Pasquale",
      title          = "{Clusters of galaxies and the diffuse gamma-ray
                        background}",
      journal        = "Astropart.Phys.",
      volume         = "9",
      pages          = "227-246",
      doi            = "10.1016/S0927-6505(98)00018-8",
      year           = "1998",
      eprint         = "astro-ph/9804262",
      archivePrefix  = "arXiv",
      primaryClass   = "astro-ph",
      reportNumber   = "OAR-98-04-01",
      SLACcitation   = "%%CITATION = ASTRO-PH/9804262;%%",
}

@article{Loeb:2000na,
      author         = "Loeb, Abraham and Waxman, Eli",
      title          = "{Gamma-ray background from structure formation in the
                        intergalactic medium}",
      journal        = "Nature",
      volume         = "405",
      pages          = "156",
      doi            = "10.1038/35012018",
      year           = "2000",
      eprint         = "astro-ph/0003447",
      archivePrefix  = "arXiv",
      primaryClass   = "astro-ph",
      reportNumber   = "CFA-4882",
      SLACcitation   = "%%CITATION = ASTRO-PH/0003447;%%",
}

@article{Zandanel:2013wea,
      author         = "Zandanel, Fabio and Ando, Shin'ichiro",
      title          = "{Constraints on diffuse gamma-ray emission from structure
                        formation processes in the Coma cluster}",
      journal        = "Mon.Not.Roy.Astron.Soc.",
      volume         = "440",
      pages          = "663-671",
      doi            = "10.1093/mnras/stu324",
      year           = "2014",
      eprint         = "1312.1493",
      archivePrefix  = "arXiv",
      primaryClass   = "astro-ph.HE",
      SLACcitation   = "%%CITATION = ARXIV:1312.1493;%%",
}

@ARTICLE{2009ApJ...692L..54M,
   author = {{Moskalenko}, I.~V. and {Porter}, T.~A.},
    title = "{Isotropic Gamma-Ray Background: Cosmic-Ray-Induced Albedo from Debris in the Solar System?}",
  journal = {\apjl},
archivePrefix = "arXiv",
   eprint = {0901.0304},
 primaryClass = "astro-ph.HE",
 keywords = {cosmic rays, diffuse radiation, gamma rays: theory, interplanetary medium, Kuiper Belt, Oort Cloud},
     year = 2009,
    month = feb,
   volume = 692,
    pages = {L54-L57},
      doi = {10.1088/0004-637X/692/1/L54},
   adsurl = {http://adsabs.harvard.edu/abs/2009ApJ...692L..54M},
  adsnote = {Provided by the SAO/NASA Astrophysics Data System}
}
@article{Berezinsky:1975zz,
      author         = "Berezinsky, V.S. and Smirnov, A. Yu.",
      title          = "{Cosmic neutrinos of ultra-high energies and detection
                        possibility}",
      journal        = "Astrophys.Space Sci.",
      volume         = "32",
      pages          = "461-482",
      doi            = "10.1007/BF00643157",
      year           = "1975",
      SLACcitation   = "%%CITATION = APSSB,32,461;%%",
}

@article{Bergstrom:2001jj,
      author         = "Bergstrom, Lars and Edsjo, Joakim and Ullio, Piero",
      title          = "{Spectral gamma-ray signatures of cosmological dark
                        matter annihilation}",
      journal        = "Phys.Rev.Lett.",
      volume         = "87",
      pages          = "251301",
      doi            = "10.1103/PhysRevLett.87.251301",
      year           = "2001",
      eprint         = "astro-ph/0105048",
      archivePrefix  = "arXiv",
      primaryClass   = "astro-ph",
      SLACcitation   = "%%CITATION = ASTRO-PH/0105048;%%",
}

@article{Ullio:2002pj,
      author         = "Ullio, Piero and Bergstrom, Lars and Edsjo, Joakim and
                        Lacey, Cedric G.",
      title          = "{Cosmological dark matter annihilations into gamma-rays -
                        a closer look}",
      journal        = "Phys.Rev.",
      volume         = "D66",
      pages          = "123502",
      doi            = "10.1103/PhysRevD.66.123502",
      year           = "2002",
      eprint         = "astro-ph/0207125",
      archivePrefix  = "arXiv",
      primaryClass   = "astro-ph",
      SLACcitation   = "%%CITATION = ASTRO-PH/0207125;%%",
}

@article{Sefusatti:2014vha,
      author         = "Sefusatti, Emiliano and Zaharijas, Gabrijela and Serpico,
                        Pasquale D. and Theurel, David and Gustafsson, Michael",
      title          = "{Extragalactic gamma-ray signal from dark matter
                        annihilation: an appraisal}",
      journal        = "Mon.Not.Roy.Astron.Soc.",
      volume         = "441",
      pages          = "1861-1878",
      doi            = "10.1093/mnras/stu686",
      year           = "2014",
      eprint         = "1401.2117",
      archivePrefix  = "arXiv",
      primaryClass   = "astro-ph.CO",
      reportNumber   = "LAPTH-001-14, ULB-TH-14-02",
      SLACcitation   = "%%CITATION = ARXIV:1401.2117;%%",
}

@ARTICLE{2012MNRAS.421L..87S,
   author = {{Serpico}, P.~D. and {Sefusatti}, E. and {Gustafsson}, M. and 
	{Zaharijas}, G.},
    title = "{Extragalactic gamma-ray signal from dark matter annihilation: a power spectrum based computation}",
  journal = {\mnras},
archivePrefix = "arXiv",
   eprint = {1109.0095},
 primaryClass = "astro-ph.CO",
 keywords = {cosmology: theory, dark matter, gamma-rays: diffuse background},
     year = 2012,
    month = mar,
   volume = 421,
    pages = {L87-L91},
      doi = {10.1111/j.1745-3933.2011.01212.x},
   adsurl = {http://adsabs.harvard.edu/abs/2012MNRAS.421L..87S},
  adsnote = {Provided by the SAO/NASA Astrophysics Data System}
}
@ARTICLE{2002PhR...372....1C,
   author = {{Cooray}, A. and {Sheth}, R.},
    title = "{Halo models of large scale structure}",
  journal = {\physrep},
   eprint = {astro-ph/0206508},
     year = 2002,
    month = dec,
   volume = 372,
    pages = {1-129},
      doi = {10.1016/S0370-1573(02)00276-4},
   adsurl = {http://adsabs.harvard.edu/abs/2002PhR...372....1C},
  adsnote = {Provided by the SAO/NASA Astrophysics Data System}
}

@article{AjelloBlazars,
      author         = "Ajello, M. and Gasparrini, D. and Sanchez-Conde, M. and Zaharijas, G. and Cohen-Tanugi, J. and Dermer, C.~D. and Inoue, Y. and Hartmann, D. and Ackermann, M. and Bechtol, K. and Franckowiak, A. and Gustafsson, M. and Reimer, A. and Romani, R.~W. and Strong, A.~W.",
      title          = "{The origin of the Extragalactic Gamma-Ray Background and implications for dark-matter annihilation}",
       year           = "2015",
      eprint         = "1501.05301",
      archivePrefix  = "arXiv",
      primaryClass   = "astro-ph.HE",
      SLACcitation   = "%%CITATION = ARXIV:1501.05301;%%",
}

@article{cosmowimp,
      author         = "Ackermann, M. and others",
      title          = "{Limits on Dark Matter Annihilation Signals from the \textit{Fermi} LAT 4-year Measurement of the Isotropic Gamma-Ray Background}",
      collaboration  = "Fermi LAT ",
      year           = "2015",
      eprint         = "1501.05464",
      archivePrefix  = "arXiv",
      primaryClass   = "astro-ph.CO",
      SLACcitation   = "%%CITATION = ARXIV:1501.05464;%%",
 }


@article{Ackermann:2012vca,
      author         = "Ackermann, M. and others",
      title          = "{GeV Observations of Star-forming Galaxies with
                        \textit{Fermi} LAT}",
      collaboration  = "Fermi LAT ",
      journal        = "Astrophys.J.",
      volume         = "755",
      pages          = "164",
      doi            = "10.1088/0004-637X/755/2/164",
      year           = "2012",
      eprint         = "1206.1346",
      archivePrefix  = "arXiv",
      primaryClass   = "astro-ph.HE",
      SLACcitation   = "%%CITATION = ARXIV:1206.1346;%%",
}

@ARTICLE{2011ApJ...733...66I,
   author = {{Inoue}, Y.},
    title = "{Contribution of Gamma-Ray-loud Radio Galaxies' Core Emissions to the Cosmic MeV and GeV Gamma-Ray Background Radiation}",
  journal = {\apj},
archivePrefix = "arXiv",
   eprint = {1103.3946},
 primaryClass = "astro-ph.HE",
 keywords = {diffuse radiation, galaxies: active, gamma rays: diffuse background},
     year = 2011,
    month = may,
   volume = 733,
      eid = {66},
    pages = {66},
      doi = {10.1088/0004-637X/733/1/66},
   adsurl = {http://adsabs.harvard.edu/abs/2011ApJ...733...66I},
  adsnote = {Provided by the SAO/NASA Astrophysics Data System}
}

@article{Munoz:2003gx,
      author         = "Munoz, Carlos",
      title          = "{Dark matter detection in the light of recent
                        experimental results}",
      journal        = "Int.J.Mod.Phys.",
      volume         = "A19",
      pages          = "3093-3170",
      doi            = "10.1142/S0217751X04018154",
      year           = "2004",
      eprint         = "hep-ph/0309346",
      archivePrefix  = "arXiv",
      primaryClass   = "hep-ph",
      reportNumber   = "FTUAM-03-18, IFT-UAM-CSIC-03-38",
      SLACcitation   = "%%CITATION = HEP-PH/0309346;%%",
}

@article{Ibarra:2009dr,
      author         = "Ibarra, Alejandro and Tran, David and Weniger, Christoph",
      title          = "{Decaying Dark Matter in Light of the PAMELA and Fermi
                        LAT Data}",
      journal        = "JCAP",
      volume         = "1001",
      pages          = "009",
      doi            = "10.1088/1475-7516/2010/01/009",
      year           = "2010",
      eprint         = "0906.1571",
      archivePrefix  = "arXiv",
      primaryClass   = "hep-ph",
      reportNumber   = "DESY-09-083, TUM-HEP-09-724",
      SLACcitation   = "%%CITATION = ARXIV:0906.1571;%%",
}


@article{Ishiwata:2008cu,
      author         = "Ishiwata, Koji and Matsumoto, Shigeki and Moroi, Takeo",
      title          = "{High Energy Cosmic Rays from the Decay of Gravitino Dark
                        Matter}",
      journal        = "Phys.Rev.",
      volume         = "D78",
      pages          = "063505",
      doi            = "10.1103/PhysRevD.78.063505",
      year           = "2008",
      eprint         = "0805.1133",
      archivePrefix  = "arXiv",
      primaryClass   = "hep-ph",
      reportNumber   = "TU-818, UT-HET-009",
      SLACcitation   = "%%CITATION = ARXIV:0805.1133;%%",
}

@article{Ishiwata:2009vx,
      author         = "Ishiwata, Koji and Matsumoto, Shigeki and Moroi, Takeo",
      title          = "{High Energy Cosmic Rays from Decaying Supersymmetric
                        Dark Matter}",
      journal        = "JHEP",
      volume         = "0905",
      pages          = "110",
      doi            = "10.1088/1126-6708/2009/05/110",
      year           = "2009",
      eprint         = "0903.0242",
      archivePrefix  = "arXiv",
      primaryClass   = "hep-ph",
      reportNumber   = "TU-840, UT-HET-026",
      SLACcitation   = "%%CITATION = ARXIV:0903.0242;%%",
}


@article{Strong:2007nh,
      author         = "Strong, Andrew W. and Moskalenko, Igor V. and Ptuskin,
                        Vladimir S.",
      title          = "{Cosmic-ray propagation and interactions in the Galaxy}",
      journal        = "Ann.Rev.Nucl.Part.Sci.",
      volume         = "57",
      pages          = "285-327",
      doi            = "10.1146/annurev.nucl.57.090506.123011",
      year           = "2007",
      eprint         = "astro-ph/0701517",
      archivePrefix  = "arXiv",
      primaryClass   = "astro-ph",
      reportNumber   = "SLAC-PUB-12312",
      SLACcitation   = "%%CITATION = ASTRO-PH/0701517;%%",
}

@article{Grefe:2011dp,
      author         = "Grefe, Michael",
      title          = "{Unstable Gravitino Dark Matter - Prospects for Indirect
                        and Direct Detection}",
      year           = "2011",
      eprint         = "1111.6779",
      archivePrefix  = "arXiv",
      primaryClass   = "hep-ph",
      reportNumber   = "DESY-THESIS-2011-039",
      SLACcitation   = "%%CITATION = ARXIV:1111.6779;%%",
}

@article{Delahaye:2013yqa,
      author         = "Delahaye, Timur and Grefe, Michael",
      title          = "{Antiproton limits on  decaying gravitino dark matter}",
      journal        = "JCAP",
      volume         = "1312",
      pages          = "045",
      doi            = "10.1088/1475-7516/2013/12/045",
      year           = "2013",
      eprint         = "1305.7183",
      archivePrefix  = "arXiv",
      primaryClass   = "hep-ph",
      reportNumber   = "FTUAM-13-10, IFT-UAM-CSIC-13-055, LAPTH-017-13",
      SLACcitation   = "%%CITATION = ARXIV:1305.7183;%%",
}

@ARTICLE{2012PhRvD..86h3506C,
   author = {{Cirelli}, M. and {Moulin}, E. and {Panci}, P. and {Serpico}, P.~D. and 
	{Viana}, A.},
    title = "{Gamma ray constraints on decaying dark matter}",
  journal = {\prd},
archivePrefix = "arXiv",
   eprint = {1205.5283},
 primaryClass = "astro-ph.CO",
 keywords = {Dark matter, Cosmic rays, Models beyond the standard model, gamma-ray},
     year = 2012,
    month = oct,
   volume = 86,
   number = 8,
      eid = {083506},
    pages = {083506},
      doi = {10.1103/PhysRevD.86.083506},
   adsurl = {http://adsabs.harvard.edu/abs/2012PhRvD..86h3506C},
  adsnote = {Provided by the SAO/NASA Astrophysics Data System}
}


@article{Bajc:2010qj,
      author         = "Bajc, Borut and Enkhbat, Tsedenbaljir and Ghosh, Dilip
                        Kumar and Senjanovic, Goran and Zhang, Yue",
      title          = "{MSSM in view of PAMELA and Fermi-LAT}",
      journal        = "JHEP",
      volume         = "1005",
      pages          = "048",
      doi            = "10.1007/JHEP05(2010)048",
      year           = "2010",
      eprint         = "1002.3631",
      archivePrefix  = "arXiv",
      primaryClass   = "hep-ph",
      SLACcitation   = "%%CITATION = ARXIV:1002.3631;%%",
}

@article{Bomark:2009zm,
      author         = "Bomark, N.-E. and Lola, S. and Osland, P. and Raklev,
                        A.R.",
      title          = "{Photon, Neutrino and Charged Particle Spectra from
                        R-violating Gravitino Decays}",
      journal        = "Phys.Lett.",
      volume         = "B686",
      pages          = "152-161",
      doi            = "10.1016/j.physletb.2010.02.050",
      year           = "2010",
      eprint         = "0911.3376",
      archivePrefix  = "arXiv",
      primaryClass   = "hep-ph",
      SLACcitation   = "%%CITATION = ARXIV:0911.3376;%%",
}

@ARTICLE{2014arXiv1403.6111P,
   author = {{Perez-Garcia}, M.~A. and {Silk}, J.},
    title = "{Constraining decaying dark matter with neutron stars}",
  journal = {ArXiv e-prints},
archivePrefix = "arXiv",
   eprint = {1403.6111},
 primaryClass = "astro-ph.SR",
 keywords = {Astrophysics - Solar and Stellar Astrophysics, High Energy Physics - Phenomenology},
     year = 2014,
    month = mar,
   adsurl = {http://adsabs.harvard.edu/abs/2014arXiv1403.6111P},
  adsnote = {Provided by the SAO/NASA Astrophysics Data System}
}

@article{Takayama:2000uz,
      author         = "Takayama, Fumihiro and Yamaguchi, Masahiro",
      title          = "{Gravitino dark matter without R-parity}",
      journal        = "Phys.Lett.",
      volume         = "B485",
      pages          = "388-392",
      doi            = "10.1016/S0370-2693(00)00726-7",
      year           = "2000",
      eprint         = "hep-ph/0005214",
      archivePrefix  = "arXiv",
      primaryClass   = "hep-ph",
      reportNumber   = "TU-590",
      SLACcitation   = "%%CITATION = HEP-PH/0005214;%%",
}

@article{Grefe:2015jva,
      author         = "Grefe, Michael and Delahaye, Timur",
      title          = "{Antideuterons from Decaying Gravitino Dark Matter}",
      year           = "2015",
      eprint         = "1503.01101",
      archivePrefix  = "arXiv",
      primaryClass   = "hep-ph",
      SLACcitation   = "%%CITATION = ARXIV:1503.01101;%%",
}

@article{Ando:2015qda,
      author         = "Ando, Shin'ichiro and Ishiwata, Koji",
      title          = "{Constraints on decaying dark matter from the
                        extragalactic gamma-ray background}",
      journal        = "JCAP",
      volume         = "1505",
      year           = "2015",
      number         = "05",
      pages          = "024",
      doi            = "10.1088/1475-7516/2015/05/024",
      eprint         = "1502.02007",
      archivePrefix  = "arXiv",
      primaryClass   = "astro-ph.CO",
      reportNumber   = "DESY-15-020",
      SLACcitation   = "%%CITATION = ARXIV:1502.02007;%%"
}

@article{Hirsch:2000ef,
      author         = "Hirsch, M. and Diaz, M.A. and Porod, W. and Romao, J.C.
                        and Valle, J.W.F.",
      title          = "{Neutrino masses and mixings from supersymmetry with
                        bilinear R parity violation: A Theory for solar and
                        atmospheric neutrino oscillations}",
      journal        = "Phys.Rev.",
      volume         = "D62",
      pages          = "113008",
      doi            = "10.1103/PhysRevD.62.113008, 10.1103/PhysRevD.65.119901,
                        10.1103/PhysRevD.62.113008 10.1103/PhysRevD.65.119901",
      year           = "2000",
      eprint         = "hep-ph/0004115",
      archivePrefix  = "arXiv",
      primaryClass   = "hep-ph",
      reportNumber   = "FTUV-00-0412, IFIC-00-24, FTUV-00-0412-AND-IFIC-00-24",
      SLACcitation   = "%%CITATION = HEP-PH/0004115;%%",
}

@article{2012MNRAS.422.3189G,
   author = {{Gilmore}, R.~C. and {Somerville}, R.~S. and {Primack}, J.~R. and 
	{Dom{\'{\i}}nguez}, A.},
    title = "{Semi-analytic modelling of the extragalactic background light and consequences for extragalactic gamma-ray spectra}",
  journal = {\mnras},
archivePrefix = "arXiv",
   eprint = {1104.0671},
 primaryClass = "astro-ph.CO",
 keywords = {cosmology: theory, diffuse radiation, gamma-rays: general, infrared: diffuse background},
     year = 2012,
    month = jun,
   volume = 422,
    pages = {3189-3207},
      doi = {10.1111/j.1365-2966.2012.20841.x},
   adsurl = {http://adsabs.harvard.edu/abs/2012MNRAS.422.3189G},
  adsnote = {Provided by the SAO/NASA Astrophysics Data System}
}
